[gd_scene load_steps=6 format=2]

[ext_resource path="res://scenes/suspension.tscn" type="PackedScene" id=1]
[ext_resource path="res://scripts/car.gd" type="Script" id=2]
[ext_resource path="res://scenes/wheel.tscn" type="PackedScene" id=3]
[ext_resource path="res://scenes/plate.tscn" type="PackedScene" id=4]

[sub_resource type="PhysicsMaterial" id=1]
friction = 4.0
rough = true

[node name="Car" type="RigidBody2D"]
collision_layer = 0
collision_mask = 0
mass = 2.0
script = ExtResource( 2 )

[node name="CollisionShape2D" parent="." instance=ExtResource( 4 )]

[node name="BackWheel" parent="." instance=ExtResource( 3 )]
position = Vector2( -131.315, 138.171 )
physics_material_override = SubResource( 1 )

[node name="BackSuspension" parent="." instance=ExtResource( 1 )]
position = Vector2( -176.505, 45.3061 )
rotation = -0.425773

[node name="BackSuspension2" parent="." instance=ExtResource( 1 )]
position = Vector2( -90.8821, 41.7385 )
rotation = 0.410936

[node name="FrontWheel" parent="." instance=ExtResource( 3 )]
position = Vector2( 121.764, 124.146 )
physics_material_override = SubResource( 1 )

[node name="FrontSuspension" parent="." instance=ExtResource( 1 )]
position = Vector2( 181.224, 44.3622 )
rotation = 0.593013

[node name="FrontSuspension2" parent="." instance=ExtResource( 1 )]
position = Vector2( 64.6816, 40.7946 )
rotation = -0.615738
